

@inproceedings{choy20163d,
  title={3D-R2N2: A Unified Approach for Single and Multi-view 3D Object Reconstruction},
  author={Choy, Christopher B and Xu, Danfei and Gwak, JunYoung and Chen, Kevin and Savarese, Silvio},
  booktitle = {Proceedings of the European Conference on Computer Vision ({ECCV})},
  year={2016}
}

@article{Sinha2017SurfNet,
  title={SurfNet: Generating 3D Shape Surfaces Using Deep Residual Networks},
  author={Sinha, Ayan and Unmesh, Asim and Huang, Qixing and Ramani, Karthik},
  year={2017},
}

@inproceedings{Yang2016Real,
  title={Real-time 3D scene layout from a single image using Convolutional Neural Networks},
  author={Yang, Shichao and Maturana, Daniel and Scherer, Sebastian},
  booktitle={IEEE International Conference on Robotics and Automation},
  pages={2183-2189},
  year={2016},
}


@article{Saxena2009Make3D,
  title={Make3D: Learning 3D Scene Structure from a Single Still Image},
  author={Saxena, Ashutosh and Sun, Min and Ng, Andrew Y.},
  journal={IEEE Transactions on Pattern Analysis and Machine Intelligence},
  volume={31},
  number={5},
  pages={824-840},
  year={2009},
}

@article{Isola2016Image,
  title={Image-to-Image Translation with Conditional Adversarial Networks},
  author={Isola, Phillip and Zhu, Jun Yan and Zhou, Tinghui and Efros, Alexei A.},
  pages={5967-5976},
  year={2016},
}

@article{Zhu2017Unpaired,
  title={Unpaired Image-to-Image Translation using Cycle-Consistent Adversarial Networks},
  author={Zhu, Jun Yan and Park, Taesung and Isola, Phillip and Efros, Alexei A},
  year={2017},
}
