

@article{Mur2017ORB,
  title={ORB-SLAM: A Versatile and Accurate Monocular SLAM System},
  author={Mur-Artal, Raúl and Montiel, J. M. M. and Tardós, Juan D.},
  journal={IEEE Transactions on Robotics},
  volume={31},
  number={5},
  pages={1147-1163},
  year={2017},
}


@article{Mur2017ORB2,
  title={ORB-SLAM2: An Open-Source SLAM System for Monocular, Stereo, and RGB-D Cameras},
  author={Mur-Artal, Raúl and Tardós, Juan D.},
  journal={IEEE Transactions on Robotics},
  volume={33},
  number={5},
  pages={1255-1262},
  year={2017},
}

@article{Engel2014LSD,
  title={LSD-SLAM: Large-Scale Direct Monocular SLAM},
  author={Engel, Jakob and Schöps, Thomas and Cremers, Daniel},
  volume={8690},
  pages={834-849},
  year={2014},
}


@inproceedings{Engel2015Large,
  title={Large-scale direct SLAM with stereo cameras},
  author={Engel, Jakob and Stückler, Jörg and Cremers, Daniel},
  booktitle={Ieee/rsj International Conference on Intelligent Robots and Systems},
  pages={1935-1942},
  year={2015},
}


@inproceedings{Caruso2015Large,
  title={Large-scale direct SLAM for omnidirectional cameras},
  author={Caruso, David and Engel, Jakob and Cremers, Daniel},
  booktitle={Ieee/rsj International Conference on Intelligent Robots and Systems},
  pages={141-148},
  year={2015},
}



@article{Alismail2016Photometric,
  title={Photometric Bundle Adjustment for Vision-Based SLAM},
  author={Alismail, Hatem and Browning, Brett and Lucey, Simon},
  pages={324-341},
  year={2016},
}



@article{Rui2018Semantic,
  title={Semantic Photometric Bundle Adjustment on Natural Sequences},
  author={Rui Zhu, Chaoyang Wang and  Chen-Hsuan Lin,  Ziyan Wang and Simon Lucey},
  booktitle={Computer Vision and Pattern Recognition},
  year={2018},
}


@article{Wulff2017Optical,
  title={Optical Flow in Mostly Rigid Scenes},
  author={Wulff, Jonas and Sevillalara, Laura and Black, Michael J.},
  year={2017},
}

@inproceedings{Delaunoy2014Photometric,
  title={Photometric Bundle Adjustment for Dense Multi-view 3D Modeling},
  author={Delaunoy, Amael and Pollefeys, Marc},
  booktitle={Computer Vision and Pattern Recognition},
  pages={1486-1493},
  year={2014},
}

@inproceedings{Alcantarilla2012On,
  title={On combining visual SLAM and dense scene flow to increase the robustness of localization and mapping in dynamic environments},
  author={Alcantarilla, P. F. and Yebes, J. J. and Almazán, J. and Bergasa, L. M.},
  booktitle={IEEE International Conference on Robotics and Automation},
  pages={1290-1297},
  year={2012},
}

@article{Sinha2017SurfNet,
  title={SurfNet: Generating 3D Shape Surfaces Using Deep Residual Networks},
  author={Sinha, Ayan and Unmesh, Asim and Huang, Qixing and Ramani, Karthik},
  year={2017},
}

@InProceedings{Mukasa_2017_ICCV,
author = {Mukasa, Tomoyuki and Xu, Jiu and Stenger, Bjorn},
title = {3D Scene Mesh From CNN Depth Predictions and Sparse Monocular SLAM},
booktitle = {The IEEE International Conference on Computer Vision (ICCV)},
month = {Oct},
year = {2017}
}
