
@article{Horn1981Determining,
  title={Determining optical flow},
  author={Horn, Berthold K. P. and Schunck, Brian G.},
  journal={Artificial Intelligence},
  volume={17},
  number={1â€“3},
  pages={185-203},
  year={1981},
}


@inproceedings{Baker2007A,
  title={A Database and Evaluation Methodology for Optical Flow},
  author={Baker, Simon and Roth, Stefan and Scharstein, Daniel and Black, Michael J. and Lewis, J. P. and Szeliski, Richard},
  booktitle={IEEE  International Conference on Computer Vision},
  pages={1-31},
  year={2007},
}


@inproceedings{Sun2010Secrets,
  title={Secrets of optical flow estimation and their principles},
  author={Sun, Deqing and Roth, Stefan and Black, Michael J.},
  booktitle={Computer Vision and Pattern Recognition},
  pages={2432-2439},
  year={2010},
}

@inproceedings{Vogel2013An,
  title={An Evaluation of Data Costs for Optical Flow},
  author={Vogel, Christoph and Roth, Stefan and Schindler, Konrad},
  booktitle={German Conference on Pattern Recognition},
  pages={343-353},
  year={2013},
}

@book{Brox2011Large,
  title={Large Displacement Optical Flow: Descriptor Matching in Variational Motion Estimation},
  author={Brox, Thomas and Malik, Jitendra},
  publisher={IEEE Computer Society},
  pages={500-513},
  year={2011},
}


@article{Xu2012Motion,
  title={Motion detail preserving optical flow estimation.},
  author={Xu, L. and Jia, J. and Matsushita, Y},
  journal={IEEE Transactions on Pattern Analysis and Machine Intelligence},
  volume={34},
  number={9},
  pages={1744-1757},
  year={2012},
}

@inproceedings{Weinzaepfel2014DeepFlow,
  title={DeepFlow: Large Displacement Optical Flow with Deep Matching},
  author={Weinzaepfel, Philippe and Revaud, Jerome and Harchaoui, Zaid and Schmid, Cordelia},
  booktitle={IEEE International Conference on Computer Vision},
  pages={1385-1392},
  year={2014},
}


@book{Kennedy2015Optical,
  title={Optical Flow with Geometric Occlusion Estimation and Fusion of Multiple Frames},
  author={Kennedy, Ryan and Taylor, Camillo J.},
  publisher={Springer International Publishing},
  pages={364-377},
  year={2015},
}


@inproceedings{Timofte2015Sparse,
  title={Sparse Flow: Sparse Matching for Small to Large Displacement Optical Flow},
  author={Timofte, Radu and Gool, Luc Van},
  booktitle={IEEE Winter Conference on Applications of Computer Vision},
  pages={1100-1106},
  year={2015},
}


@article{Dosovitskiy2015FlowNet,
  title={FlowNet: Learning Optical Flow with Convolutional Networks},
  author={Dosovitskiy, Alexey and Fischery, Philipp and Ilg, Eddy and Hausser, Philip and Hazirbas, Caner and Golkov, Vladimir and Smagt, Patrick Van Der and Cremers, Daniel and Brox, Thomas},
  pages={2758-2766},
  year={2015},
}


@article{Du2015Deep,
  title={Deep End2End Voxel2Voxel Prediction},
  author={Du, Tran and Bourdev, Lubomir and Fergus, Rob and Torresani, Lorenzo and Paluri, Manohar},
  pages={402-409},
  year={2015},
}


@inproceedings{Ahmadi2016Unsupervised,
  title={Unsupervised convolutional neural networks for motion estimation},
  author={Ahmadi, Aria and Patras, Ioannis},
  booktitle={IEEE International Conference on Image Processing},
  pages={1629-1633},
  year={2016},
}


@article{Yu2016Back,
  title={Back to Basics: Unsupervised Learning of Optical Flow via Brightness Constancy and Motion Smoothness},
  author={Yu, Jason J. and Harley, Adam W. and Derpanis, Konstantinos G.},
  pages={3-10},
  year={2016},
}


@article{Teney2016Learning,
  title={Learning to Extract Motion from Videos in Convolutional Neural Networks},
  author={Teney, Damien and Hebert, Martial},
  pages={412-428},
  year={2016},
}

@article{Ranjan2017Optical,
  title={Optical Flow Estimation Using a Spatial Pyramid Network},
  author={Ranjan, Anurag and Black, Michael J.},
  year={2017},
}

@article{Heeger1992Subspace,
  title={Subspace methods for recovering rigid motion I: Algorithm and implementation},
  author={Heeger, David J. and Jepson, Allan D.},
  journal={International Journal of Computer Vision},
  volume={7},
  number={2},
  pages={95-117},
  year={1992},
}



@article{Horn1988Direct,
  title={Direct methods for recovering motion},
  author={Horn, Berthold K. P. and Weldon, E. J.},
  journal={International Journal of Computer Vision},
  volume={2},
  number={1},
  pages={51-76},
  year={1988},
}



