



@article{Ilg2016FlowNet,
  title={FlowNet 2.0: Evolution of Optical Flow Estimation with Deep Networks},
  author={Ilg, Eddy and Mayer, Nikolaus and Saikia, Tonmoy and Keuper, Margret and Dosovitskiy, Alexey and Brox, Thomas},
  pages={1647-1655},
  year={2016},
}

@inproceedings{Comport2016Accurate,
  title={Accurate Quadrifocal Tracking for Robust 3D Visual Odometry},
  author={Comport, A. I. and Malis, E. and Rives, P.},
  booktitle={IEEE International Conference on Robotics and Automation},
  pages={40-45},
  year={2016},
}

@inproceedings{Kerl2014Dense,
  title={Dense visual SLAM for RGB-D cameras},
  author={Kerl, Christian and Sturm, Jurgen and Cremers, Daniel},
  booktitle={Ieee/rsj International Conference on Intelligent Robots and Systems},
  pages={2100-2106},
  year={2014},
}

@article{Engel2014LSD,
  title={LSD-SLAM: Large-Scale Direct Monocular SLAM},
  author={Engel, Jakob and Schöps, Thomas and Cremers, Daniel},
  volume={8690},
  pages={834-849},
  year={2014},
}

@article{Mur2017ORB,
  title={ORB-SLAM: A Versatile and Accurate Monocular SLAM System},
  author={Mur-Artal, Raúl and Montiel, J. M. M. and Tardós, Juan D.},
  journal={IEEE Transactions on Robotics},
  volume={31},
  number={5},
  pages={1147-1163},
  year={2017},
}

@article{Wulff2017Optical,
  title={Optical Flow in Mostly Rigid Scenes},
  author={Wulff, Jonas and Sevillalara, Laura and Black, Michael J.},
  year={2017},
}

@article{He2017Mask,
  title={Mask R-CNN},
  author={He, Kaiming and Gkioxari, Georgia and Dollár, Piotr and Girshick, Ross},
  year={2017},
}
